@string{POT       = {Proceedings of the }}
@string{SOSP      = { ACM Symposium on Operating Systems Principles (SOSP)}}
@string{NSDI      = { Symposium on Networked Systems Design and Implementation (NSDI)}}
@string{OSDI      = { Symposium on Operating Systems Design and Implementation (OSDI)}}
@string{ATC       = { ATC Annual Technical Conference (ATC)}}
@string{PLDI      = { ACM SIGPLAN Conference on Programming Language Design and Implementation}}
@string{POPL      = { ACM Symposium on Principles of Programming Languages}}
@string{TOCS      = { ACM Transactions on Computer Systems}}
@string{OSR       = { ACM SIGOPS Operating System Review}}
@string{CACM      = { Communications of the ACM}}
@string{EUROSYS   = { ACM EuroSys Conference}}
@string{ASPLOS    = { International Conference on Architectural Support for Programming Languages and Operating Systems (ASPLOS)}}
@string{CCS       = { ACM Conference on Computer and Communications Security}}
@string{SEC       = { Usenix Security Symposium (Security)}}
@string{SP        = { IEEE Symposium on Security and Privacy (Oakland)}}
@string{TOPLAS    = { ACM Transactions on Programming Languages and Systems}}
@string{TISSEC    = { ACM Transactions on Information and System Security}}
@string{OLS       = { Linux Symposium }}
@string{VLDB      = { International Conference on Very Large Data Bases (VLDB)}}
@string{SIGMOD    = { ACM SIGMOD International Conference on Management of Data}}
@string{ICDE      = { IEEE International Conference on Data Engineering Workshop}}
@string{CIDR      = { Biennial Conference on Innovative Data Systems Research (CIDR)}}
@string{ESORICS   = { European Symposium on Research in Computer Security}}
@string{NDSS      = { Annual Network and Distributed System Security Symposium}}
@string{STOC      = { Annual ACM Symposium on Theory of Computing}}
@string{CAV       = { International Conference on Computer Aided Verification}}
@string{TACAS     = { International Conference on Tools and Algorithms for the Construction and Analysis of Systems}}
@string{CC        = { International Conference on Compiler Construction}}
@string{CGO       = { International Symposium on Code Generation and Optimization}}
@string{OOPSLA    = { Annual ACM Conference on Object-Oriented Programming, Systems, Languages, and Applications}}
@string{SIGCOMM   = { ACM SIGCOMM}}
@string{PODC      = { ACM SIGACT-SIGOPS Symposium on Principles of Distributed Computing}}
@string{PPOPP     = { ACM Symposium on Principles and Practice of Parallel Programming}}
@string{SOCC      = { ACM Symposium on Cloud Computing}}
@string{EUROCRYPT = { Annual International Conference on the Theory and Applications of Cryptographic Techniques (EUROCRYPT)}}
@string{APSYS     = { Asia-Pacific Workshop on Systems (APSys)}}
@string{ICNP      = { IEEE International Conference on Network Protocols (ICNP)}}

%% ----------------------------------------------------------------------
%% SOSP
%% ----------------------------------------------------------------------
@Proceedings{SOSP72,
  title        = POT # " 3rd " # SOSP,
  booktitle    = POT # " 3rd " # SOSP,
  year         = 1972,
  month        = mar,
}

@Proceedings{SOSP75,
  title        = POT # " 5th " # SOSP,
  booktitle    = POT # " 5th " # SOSP,
  year         = 1975,
  month        = nov,
  address      = {Austin, TX},
}

@Proceedings{SOSP77,
  title        = POT # " 6th " # SOSP,
  booktitle    = POT # " 6th " # SOSP,
  year         = 1977,
  address      = {West Lafayette, IN},
}

@Proceedings{SOSP81,
  title        = POT # " 8th " # SOSP,
  booktitle    = POT # " 8th " # SOSP,
  year         = 1981,
  month        = dec,
  address      = {Pacific Grove, CA},
}

@Proceedings{SOSP83,
  title        = POT # " 9th " # SOSP,
  booktitle    = POT # " 9th " # SOSP,
  year         = 1983,
}

@Proceedings{SOSP85,
  title        = POT # " 10th " # SOSP,
  booktitle    = POT # " 10th " # SOSP,
  address      = {Orcas Island, WA},
  year         = 1985,
  month        = Dec,
}

@Proceedings{SOSP89,
  title        = POT # " 12th " # SOSP,
  booktitle    = POT # " 12th " # SOSP,
  year         = 1989,
}

@Proceedings{SOSP91,
  title        = POT # " 13th " # SOSP,
  booktitle    = POT # " 13th " # SOSP,
  year         = 1991,
  month        = Oct,
  address      = {Pacific Grove, CA},
}

@Proceedings{SOSP93,
  title        = POT # " 14th " # SOSP,
  booktitle    = POT # " 14th " # SOSP,
  year         = 1993,
  month        = dec,
  address      = {Asheville, NC},
}

@Proceedings{SOSP95,
  title        = POT # " 15th " # SOSP,
  booktitle    = POT # " 15th " # SOSP,
  year         = 1995,
  month        = dec,
  address      = {Copper Mountain, CO},
}

@Proceedings{SOSP97,
  title        = POT # " 16th " # SOSP,
  booktitle    = POT # " 16th " # SOSP,
  month        = oct,
  year         = 1997,
  address      = {Saint-Malo, France},
}

@Proceedings{SOSP99,
  title        = POT # " 17th " # SOSP,
  booktitle    = POT # " 17th " # SOSP,
  month        = dec,
  year         = 1999,
  address      = {Kiawa Island, SC},
}

@Proceedings{SOSP01,
  title        = POT # " 18th " # SOSP,
  booktitle    = POT # " 18th " # SOSP,
  month        = oct,
  year         = 2001,
  address      = {Chateau Lake Louise, Banff, Canada},
}

@Proceedings{SOSP03,
  title        = POT # " 19th " # SOSP,
  booktitle    = POT # " 19th " # SOSP,
  month        = oct,
  year         = 2003,
  address      = {Bolton Landing, NY},
}

@Proceedings{SOSP05,
  title        = POT # " 20th " # SOSP,
  booktitle    = POT # " 20th " # SOSP,
  month        = oct,
  year         = 2005,
  address      = {Brighton, UK},
}

@Proceedings{SOSP07,
  title        = POT # " 21st " # SOSP,
  booktitle    = POT # " 21st " # SOSP,
  month        = oct,
  year         = 2007,
  address      = {Stevenson, WA},
}

@Proceedings{SOSP09,
  title        = POT # " 22nd " # SOSP,
  booktitle    = POT # " 22nd " # SOSP,
  month        = oct,
  year         = 2009,
  address      = {Big Sky, MT},
}

@Proceedings{SOSP11,
  title        = POT # " 23rd " # SOSP,
  booktitle    = POT # " 23rd " # SOSP,
  month        = oct,
  year         = 2011,
  address      = {Cascais, Portugal},
}

@Proceedings{SOSP13,
  title        = POT # " 24th " # SOSP,
  booktitle    = POT # " 24th " # SOSP,
  month        = nov,
  year         = 2013,
  address      = {Farmington, PA},
}

%% ----------------------------------------------------------------------
%% ATC
%% ----------------------------------------------------------------------
@Proceedings{ATC85S,
  title        = POT # " {S}ummer 1985 " # ATC,
  booktitle    = POT # " {S}ummer 1985 " # ATC,
  year         = 1985,
  address      = {Portland, OR},
}

@Proceedings{ATC86S,
  title        = POT # " {S}ummer 1986 " # ATC,
  booktitle    = POT # " {S}ummer 1986 " # ATC,
  year         = 1986,
}

@Proceedings{ATC88W,
  title        = POT # " {W}inter 1988 " # ATC,
  booktitle    = POT # " {W}inter 1988 " # ATC,
  year         = 1988,
  address      = {Dallas, TX},
}

@Proceedings{ATC89W,
  title        = POT # " {W}inter 1989 " # ATC,
  booktitle    = POT # " {W}inter 1989 " # ATC,
  year         = 1989,
}

@Proceedings{ATC90W,
  title        = POT # " {W}inter 1990 " # ATC,
  booktitle    = POT # " {W}inter 1990 " # ATC,
  year         = 1990,
  address      = {Colorado Springs, CO},
}

@Proceedings{ATC90S,
  title        = POT # " {S}ummer 1990 " # ATC,
  booktitle    = POT # " {S}ummer 1990 " # ATC,
  year         = 1990,
  address      = {Anaheim, CA},
}

@Proceedings{ATC91W,
  title        = POT # " {W}inter 1991 " # ATC,
  booktitle    = POT # " {W}inter 1991 " # ATC,
  year         = 1991,
}

@Proceedings{ATC92W,
  title        = POT # " {W}inter 1992 " # ATC,
  booktitle    = POT # " {W}inter 1992 " # ATC,
  year         = 1992,
  month        = jan,
}

@Proceedings{ATC93W,
  title        = POT # " {W}inter 1993 " # ATC,
  booktitle    = POT # " {W}inter 1993 " # ATC,
  year         = 1993,
  month        = jan,
  address      = {San Diego, CA},
}

@Proceedings{ATC93S,
  title        = POT # " {S}ummer 1993 " # ATC,
  booktitle    = POT # " {S}ummer 1993 " # ATC,
  year         = 1993,
  month        = apr,
}

@Proceedings{ATC94W,
  title        = POT # " {W}inter 1994 " # ATC,
  booktitle    = POT # " {W}inter 1994 " # ATC,
  year         = 1994,
  month        = jan,
  address      = {San Francisco, CA},
}

@Proceedings{ATC97,
  title        = POT # " 1997 " # ATC,
  booktitle    = POT # " 1997 " # ATC,
  year         = 1997,
  month        = jan,
}

@Proceedings{ATC99,
  title        = POT # " 1999 " # ATC,
  booktitle    = POT # " 1999 " # ATC,
  year         = 1999,
  month        = jun,
}

@Proceedings{ATC00,
  title        = POT # " 2000 " # ATC,
  booktitle    = POT # " 2000 " # ATC,
  year         = 2000,
  month        = jun,
}

@Proceedings{ATC01,
  title        = POT # " 2001 " # ATC,
  booktitle    = POT # " 2001 " # ATC,
  year         = 2001,
  month        = jun,
}

@Proceedings{ATC02,
  title        = POT # " 2002 " # ATC,
  booktitle    = POT # " 2002 " # ATC,
  year         = 2002,
  month        = jun,
  address      = {Monterey, CA}
}

@Proceedings{ATC03,
  title        = POT # " 2003 " # ATC,
  booktitle    = POT # " 2003 " # ATC,
  month        = jun,
  year         = 2003,
  address      = {San Antonio, TX},
}

@Proceedings{ATC04,
  title        = POT # " 2004 " # ATC,
  booktitle    = POT # " 2004 " # ATC,
  month        = jun # {--} # jul,
  year         = 2004,
  address      = {Boston, MA},
}

@Proceedings{ATC06,
  title        = POT # " 2006 " # ATC,
  booktitle    = POT # " 2006 " # ATC,
  month        = may # {--} # jun,
  year         = 2006,
  address      = {Boston, MA},
}

@Proceedings{ATC07,
  title        = POT # " 2007 " # ATC,
  booktitle    = POT # " 2007 " # ATC,
  month        = jun,
  year         = 2007,
  address      = {Santa Clara, CA},
}

@Proceedings{ATC08,
  title        = POT # " 2008 " # ATC,
  booktitle    = POT # " 2008 " # ATC,
  month        = jun,
  year         = 2008,
  address      = {Boston, MA},
}

@Proceedings{ATC09,
  title        = POT # " 2009 " # ATC,
  booktitle    = POT # " 2009 " # ATC,
  month        = jun,
  year         = 2009,
  address      = {San Diego, CA},
}

@Proceedings{ATC10,
  title        = POT # " 2010 " # ATC,
  booktitle    = POT # " 2010 " # ATC,
  month        = jun,
  year         = 2010,
  address      = {Boston, MA},
}

@Proceedings{ATC12,
  title        = POT # " 2012 " # ATC,
  booktitle    = POT # " 2012 " # ATC,
  month        = jun,
  year         = 2012,
  address      = {Boston, MA},
}

@Proceedings{ATC13,
  title        = POT # " 2013 " # ATC,
  booktitle    = POT # " 2013 " # ATC,
  month        = jun,
  year         = 2013,
  address      = {San Jose, CA},
}

%% ----------------------------------------------------------------------
%% NSDI
%% ----------------------------------------------------------------------
@Proceedings{NSDI04,
  title        = POT # { 1st } # NSDI,
  booktitle    = POT # { 1st } # NSDI,
  month        = mar,
  year         = 2004,
  address      = {San Francisco, CA},
}

@Proceedings{NSDI05,
  title        = POT # { 2nd } # NSDI,
  booktitle    = POT # { 2nd } # NSDI,
  month        = may,
  year         = 2005,
  address      = {Boston, MA},
}

@Proceedings{NSDI06,
  title        = POT # { 3rd } # NSDI,
  booktitle    = POT # { 3rd } # NSDI,
  month        = may,
  year         = 2006,
  address      = {San Jose, CA},
}

@Proceedings{NSDI07,
  title        = POT # { 4th } # NSDI,
  booktitle    = POT # { 4th } # NSDI,
  month        = apr,
  year         = 2007,
  address      = {Cambridge, MA},
}

@Proceedings{NSDI08,
  title        = POT # { 5th } # NSDI,
  booktitle    = POT # { 5th } # NSDI,
  month        = apr,
  year         = 2008,
  address      = {San Francisco, CA},
}

@Proceedings{NSDI10,
  title        = POT # { 7th } # NSDI,
  booktitle    = POT # { 7th } # NSDI,
  month        = apr,
  year         = 2010,
  address      = {San Jose, CA},
}

%% ----------------------------------------------------------------------
%% PLDI
%% ----------------------------------------------------------------------
@Proceedings{PLDI90,
  title        = POT # { 1990 } # PLDI,
  booktitle    = POT # { 1990 } # PLDI,
  month        = jun,
  year         = 1990,
  address      = {White Plains, NY},
}

@Proceedings{PLDI95,
  title        = POT # { 1995 } # PLDI,
  booktitle    = POT # { 1995 } # PLDI,
  month        = jun,
  year         = 1995,
  address      = {La Jolla, CA},
}

@Proceedings{PLDI96,
  title        = POT # { 1996 } # PLDI,
  booktitle    = POT # { 1996 } # PLDI,
  month        = jun,
  year         = 1996,
  address      = {Philadelphia, PA},
}

@Proceedings{PLDI97,
  title        = POT # { 1997 } # PLDI,
  booktitle    = POT # { 1997 } # PLDI,
  month        = jun,
  year         = 1997,
  address      = {Las Vegas, NV},
}

@Proceedings{PLDI00,
  title        = POT # { 2000 } # PLDI,
  booktitle    = POT # { 2000 } # PLDI,
  month        = jun,
  year         = 2000,
  address      = {Vancouver, Canada},
}

@Proceedings{PLDI02,
  title        = POT # { 2002 } # PLDI,
  booktitle    = POT # { 2002 } # PLDI,
  month        = jun,
  year         = 2002,
  address      = {Berlin, Germany},
}

@Proceedings{PLDI03,
  title        = POT # { 2003 } # PLDI,
  booktitle    = POT # { 2003 } # PLDI,
  month        = jun,
  year         = 2003,
  address      = {San Diego, CA},
}

@Proceedings{PLDI04,
  title        = POT # { 2004 } # PLDI,
  booktitle    = POT # { 2004 } # PLDI,
  month        = jun,
  year         = 2004,
  address      = {Washington, DC},
}

@Proceedings{PLDI05,
  title        = POT # { 2005 } # PLDI,
  booktitle    = POT # { 2005 } # PLDI,
  month        = jun,
  year         = 2005,
  address      = {Chicago, IL},
}

@Proceedings{PLDI06,
  title        = POT # { 2006 } # PLDI,
  booktitle    = POT # { 2006 } # PLDI,
  month        = jun,
  year         = 2006,
  address      = {Ottawa, Canada},
}

@Proceedings{PLDI07,
  title        = POT # { 2007 } # PLDI,
  booktitle    = POT # { 2007 } # PLDI,
  month        = jun,
  year         = 2007,
  address      = {San Diego, CA},
}

@Proceedings{PLDI09,
  title        = POT # { 2009 } # PLDI,
  booktitle    = POT # { 2009 } # PLDI,
  month        = jun,
  year         = 2009,
  address      = {Dublin, Ireland},
}

@Proceedings{PLDI11,
  title        = POT # { 2011 } # PLDI,
  booktitle    = POT # { 2011 } # PLDI,
  month        = jun,
  year         = 2011,
  address      = {San Jose, CA},
}

%% ----------------------------------------------------------------------
%% OSDI
%% ----------------------------------------------------------------------
@Proceedings{OSDI99,
  title        = POT # { 3rd } # OSDI,
  booktitle    = POT # { 3rd } # OSDI,
  month        = feb,
  year         = 1999,
  address      = {New Orleans, LA},
}
    
@Proceedings{OSDI00,
  title        = POT # { 4th } # OSDI,
  booktitle    = POT # { 4th } # OSDI,
  month        = oct,
  year         = 2000,
  address      = {San Diego, CA},
}
    
@Proceedings{OSDI02,
  title        = POT # { 5th } # OSDI,
  booktitle    = POT # { 5th } # OSDI,
  month        = dec,
  year         = 2002,
  address      = {Boston, MA},
}

@Proceedings{OSDI04,
  title        = POT # { 6th } # OSDI,
  booktitle    = POT # { 6th } # OSDI,
  month        = dec,
  year         = 2004,
  address      = {San Francisco, CA},
}

@Proceedings{OSDI06,
  title        = POT # { 7th } # OSDI,
  booktitle    = POT # { 7th } # OSDI,
  month        = nov,
  year         = 2006,
  address      = {Seattle, WA},
}

@Proceedings{OSDI08,
  title        = POT # { 8th } # OSDI,
  booktitle    = POT # { 8th } # OSDI,
  month        = dec,
  year         = 2008,
  address      = {San Diego, CA},
}

@Proceedings{OSDI10,
  title        = POT # { 9th } # OSDI,
  booktitle    = POT # { 9th } # OSDI,
  month        = oct,
  year         = 2010,
  address      = {Vancouver, Canada},
}

@Proceedings{OSDI12,
  title        = POT # { 10th } # OSDI,
  booktitle    = POT # { 10th } # OSDI,
  month        = oct,
  year         = 2012,
  address      = {Hollywood, CA},
}

@Proceedings{OSDI14,
  title        = POT # { 11th } # OSDI,
  booktitle    = POT # { 11th } # OSDI,
  month        = oct,
  year         = 2014,
  address      = {Broomfield, Colorado},
}

%% ----------------------------------------------------------------------
%% EUROSYS
%% ----------------------------------------------------------------------
@Proceedings{EUROSYS07,
  title        = POT # EUROSYS,
  booktitle    = POT # EUROSYS,
  month        = mar,
  year         = 2007,
  address      = {Lisbon, Portugal},
}

@Proceedings{EUROSYS09,
  title        = POT # EUROSYS,
  booktitle    = POT # EUROSYS,
  month        = mar,
  year         = 2009,
  address      = {Nuremberg, Germany},
}

@Proceedings{EUROSYS10,
  title        = POT # EUROSYS,
  booktitle    = POT # EUROSYS,
  month        = apr,
  year         = 2010,
  address      = {Paris, France},
}

@Proceedings{EUROSYS11,
  title        = POT # EUROSYS,
  booktitle    = POT # EUROSYS,
  month        = apr,
  year         = 2011,
  address      = {Salzburg, Austria},
}

@Proceedings{EUROSYS12,
  title        = POT # EUROSYS,
  booktitle    = POT # EUROSYS,
  month        = apr,
  year         = 2012,
  address      = {Bern, Switzerland},
}

@Proceedings{EUROSYS13,
  title        = POT # EUROSYS,
  booktitle    = POT # EUROSYS,
  month        = apr,
  year         = 2013,
  address      = {Prague, Czech Republic},
}

%% ----------------------------------------------------------------------
%% ASPLOS
%% ----------------------------------------------------------------------
@Proceedings{ASPLOS02,
  title        = POT # { 10th } # ASPLOS,
  booktitle    = POT # { 10th } # ASPLOS,
  month        = oct,
  year         = 2002,
  address      = {San Jose, CA},
}

@Proceedings{ASPLOS06,
  title        = POT # { 12th } # ASPLOS,
  booktitle    = POT # { 12th } # ASPLOS,
  month        = oct,
  year         = 2006,
  address      = {San Jose, CA},
}

@Proceedings{ASPLOS08,
  title        = POT # { 13th } # ASPLOS,
  booktitle    = POT # { 13th } # ASPLOS,
  month        = mar,
  year         = 2008,
  address      = {Seattle, WA},
}

@Proceedings{ASPLOS09,
  title        = POT # { 14th } # ASPLOS,
  booktitle    = POT # { 14th } # ASPLOS,
  month        = mar,
  year         = 2009,
  address      = {Washington, DC},
}

@Proceedings{ASPLOS11,
  title        = POT # { 16th } # ASPLOS,
  booktitle    = POT # { 16th } # ASPLOS,
  month        = mar,
  year         = 2011,
  address      = {Newport Beach, CA},
}

@Proceedings{ASPLOS12,
  title        = POT # { 17th } # ASPLOS,
  booktitle    = POT # { 17th } # ASPLOS,
  month        = mar,
  year         = 2012,
  address      = {London, UK},
}

@Proceedings{ASPLOS13,
  title        = POT # { 18th } # ASPLOS,
  booktitle    = POT # { 18th } # ASPLOS,
  month        = mar,
  year         = 2013,
  address      = {Houston, TX},
}

%% ----------------------------------------------------------------------
%% CCS
%% ----------------------------------------------------------------------
@Proceedings{CCS94,
  title        = POT # { 2nd } # CCS,
  booktitle    = POT # { 2nd } # CCS,
  month        = nov,
  year         = 1994,
  address      = {Fairfax, VA},
}

@Proceedings{CCS03,
  title        = POT # { 10th } # CCS,
  booktitle    = POT # { 10th } # CCS,
  month        = oct,
  year         = 2003,
  address      = {Washington, DC},
}

@Proceedings{CCS07,
  title        = POT # { 14th } # CCS,
  booktitle    = POT # { 14th } # CCS,
  month        = oct # {--} # nov,
  year         = 2007,
  address      = {Alexandria, VA},
}


@Proceedings{SEC96,
  title        = POT # { 6th } # SEC,
  booktitle    = POT # { 6th } # SEC,
  month        = jul,
  year         = 1996,
  address      = {San Jose, CA},
}

@Proceedings{SEC98,
  title        = POT # { 7th } # SEC,
  booktitle    = POT # { 7th } # SEC,
  month        = jan,
  year         = 1998,
  address      = {San Antonio, TX},
}

@Proceedings{SEC99,
  title        = POT # { 8th } # SEC,
  booktitle    = POT # { 8th } # SEC,
  month        = aug,
  year         = 1999,
  address      = {Washington, DC},
}

@Proceedings{SEC02,
  title        = POT # { 11th } # SEC,
  booktitle    = POT # { 11th } # SEC,
  month        = aug,
  year         = 2002,
  address      = {San Francisco, CA},
}

@Proceedings{SEC03,
  title        = POT # { 12th } # SEC,
  booktitle    = POT # { 12th } # SEC,
  month        = aug,
  year         = 2003,
  address      = {Washington, DC},
}
@Proceedings{SEC04,
  title        = POT # { 13th } # SEC,
  booktitle    = POT # { 13th } # SEC,
  month        = aug,
  year         = 2004,
  address      = {San Diego, CA},
}

@Proceedings{SEC05,
  title        = POT # { 14th } # SEC,
  booktitle    = POT # { 14th } # SEC,
  month        = aug,
  year         = 2005,
  address      = {Baltimore, MD},
}

@Proceedings{SEC06,
  title        = POT # { 15th } # SEC,
  booktitle    = POT # { 15th } # SEC,
  month        = jul,
  year         = 2006,
  address      = {Vancouver, Canada},
}

@Proceedings{SEC07,
  title        = POT # { 16th } # SEC,
  booktitle    = POT # { 16th } # SEC,
  month        = aug,
  year         = 2007,
  address      = {Boston, MA},
}

@Proceedings{SEC08,
  title        = POT # { 17th } # SEC,
  booktitle    = POT # { 17th } # SEC,
  month        = jul # {--} # aug,
  year         = 2008,
  address      = {San Jose, CA},
}

@Proceedings{SEC09,
  title        = POT # { 18th } # SEC,
  booktitle    = POT # { 18th } # SEC,
  month        = aug,
  year         = 2009,
  address      = {Montreal, Canada},
}

@Proceedings{SEC10,
  title        = POT # { 19th } # SEC,
  booktitle    = POT # { 19th } # SEC,
  month        = aug,
  year         = 2010,
  address      = {Washington, DC},
}

@Proceedings{SEC11,
  title        = POT # { 20th } # SEC,
  booktitle    = POT # { 20th } # SEC,
  month        = aug,
  year         = 2011,
  address      = {San Francisco, CA},
}

@Proceedings{SEC12,
  title        = POT # { 21st } # SEC,
  booktitle    = POT # { 21st } # SEC,
  month        = aug,
  year         = 2012,
  address      = {Bellevue, WA},
}

@Proceedings{SEC13,
  title       = POT # { 22th } # SEC,
  booktitle   = POT # { 22th } # SEC,
  month       = aug,
  year        = 2013,
  address     = {Washington, DC},
}

@Proceedings{SEC14,
  title       = POT # { 23th } # SEC,
  booktitle   = POT # { 23th } # SEC,
  month       = aug,
  year        = 2014,
  address     = {San Diego, CA},
}

%% ----------------------------------------------------------------------
%% OAKLAND
%% ----------------------------------------------------------------------
@Proceedings{SP81,
  title        = POT # { 2nd } # SP,
  booktitle    = POT # { 2nd } # SP,
  month        = may,
  year         = 1981,
  address      = {Oakland, CA},
}

@Proceedings{SP82,
  title        = POT # { 3rd } # SP,
  booktitle    = POT # { 3rd } # SP,
  month        = apr,
  year         = 1982,
  address      = {Oakland, CA},
}

@Proceedings{SP84,
  title        = POT # { 5th } # SP,
  booktitle    = POT # { 5th } # SP,
  month        = apr # {--} # may,
  year         = 1984,
  address      = {Oakland, CA},
}

@Proceedings{SP85,
  title        = POT # { 6th } # SP,
  booktitle    = POT # { 6th } # SP,
  month        = apr,
  year         = 1985,
  address      = {Oakland, CA},
}

@Proceedings{SP86,
  title        = POT # { 7th } # SP,
  booktitle    = POT # { 7th } # SP,
  month        = apr,
  year         = 1986,
  address      = {Oakland, CA},
}

@Proceedings{SP87,
  title        = POT # { 8th } # SP,
  booktitle    = POT # { 8th } # SP,
  month        = apr,
  year         = 1987,
  address      = {Oakland, CA},
}

@Proceedings{SP88,
  title        = POT # { 9th } # SP,
  booktitle    = POT # { 9th } # SP,
  month        = apr,
  year         = 1988,
  address      = {Oakland, CA},
}

@Proceedings{SP89,
  title        = POT # { 10th } # SP,
  booktitle    = POT # { 10th } # SP,
  month        = may,
  year         = 1989,
  address      = {Oakland, CA},
}

@Proceedings{SP90,
  title        = POT # { 11th } # SP,
  booktitle    = POT # { 11th } # SP,
  month        = may,
  year         = 1990,
  address      = {Oakland, CA},
}

@Proceedings{SP91,
  title        = POT # { 12th } # SP,
  booktitle    = POT # { 12th } # SP,
  month        = may,
  year         = 1991,
  address      = {Oakland, CA},
}

@Proceedings{SP92,
  title        = POT # { 13th } # SP,
  booktitle    = POT # { 13th } # SP,
  month        = may,
  year         = 1992,
  address      = {Oakland, CA},
}

@Proceedings{SP93,
  title        = POT # { 14th } # SP,
  booktitle    = POT # { 14th } # SP,
  month        = may,
  year         = 1993,
  address      = {Oakland, CA},
}

@Proceedings{SP94,
  title        = POT # { 15th } # SP,
  booktitle    = POT # { 15th } # SP,
  month        = may,
  year         = 1994,
  address      = {Oakland, CA},
}

@Proceedings{SP97,
  title        = POT # { 18th } # SP,
  booktitle    = POT # { 18th } # SP,
  month        = may,
  year         = 1997,
  address      = {Oakland, CA},
}

@Proceedings{SP98,
  title        = POT # { 19th } # SP,
  booktitle    = POT # { 19th } # SP,
  month        = may,
  year         = 1998,
  address      = {Oakland, CA},
}

@Proceedings{SP99,
  title        = POT # { 20th } # SP,
  booktitle    = POT # { 20th } # SP,
  month        = may,
  year         = 1999,
  address      = {Oakland, CA},
}

@Proceedings{SP00,
  title        = POT # { 21st } # SP,
  booktitle    = POT # { 21st } # SP,
  month        = may,
  year         = 2000,
  address      = {Oakland, CA},
}

@Proceedings{SP02,
  title        = POT # { 23rd } # SP,
  booktitle    = POT # { 23rd } # SP,
  month        = may,
  year         = 2002,
  address      = {Oakland, CA},
}

@Proceedings{SP04,
  title        = POT # { 25th } # SP,
  booktitle    = POT # { 25th } # SP,
  month        = may,
  year         = 2004,
  address      = {Oakland, CA},
}

@Proceedings{SP06,
  title        = POT # { 27th } # SP,
  booktitle    = POT # { 27th } # SP,
  month        = may,
  year         = 2006,
  address      = {Oakland, CA},
}

@Proceedings{SP07,
  title        = POT # { 28th } # SP,
  booktitle    = POT # { 28th } # SP,
  month        = may,
  year         = 2007,
  address      = {Oakland, CA},
}

@Proceedings{SP09,
  title        = POT # { 30th } # SP,
  booktitle    = POT # { 30th } # SP,
  month        = may,
  year         = 2009,
  address      = {Oakland, CA},
}

@Proceedings{SP12,
  title        = POT # { 33rd } # SP,
  booktitle    = POT # { 33rd } # SP,
  month        = may,
  year         = 2012,
  address      = {San Francisco, CA},
}

@Proceedings{SP13,
  title        = POT # { 34th } # SP,
  booktitle    = POT # { 34th } # SP,
  month        = may,
  year         = 2013,
  address      = {San Francisco, CA},
}

@Proceedings{SP14,
  title        = POT # { 35th } # SP,
  booktitle    = POT # { 35th } # SP,
  month        = may,
  year         = 2014,
  address      = {San Jose, CA},
}

%% ----------------------------------------------------------------------
%% OLS
%% ----------------------------------------------------------------------
@Proceedings{OLS2002,
  title        = POT # OLS,
  booktitle    = POT # OLS,
  month        = jun,
  year         = 2002,
  address      = {Ottawa, Canada},
}

@Proceedings{OLS2004,
  title        = POT # OLS,
  booktitle    = POT # OLS,
  month        = jun,
  year         = 2004,
  address      = {Ottawa, Canada},
}

@Proceedings{OLS2007,
  title        = POT # OLS,
  booktitle    = POT # OLS,
  month        = jun,
  year         = 2007,
  address      = {Ottawa, Canada},
}

@Proceedings{OLS2012,
  title        = POT # OLS,
  booktitle    = POT # OLS,
  month        = jul,
  year         = 2012,
  address      = {Ottawa, Canada},
}

%% ----------------------------------------------------------------------
%% VLDB
%% ----------------------------------------------------------------------
@Proceedings{VLDB00,
  title        = POT # { 26th } # VLDB,
  booktitle    = POT # { 26th } # VLDB,
  month        = sep,
  year         = 2000,
  address      = {Cairo, Egypt},
}

@Proceedings{VLDB02,
  title        = POT # { 28th } # VLDB,
  booktitle    = POT # { 28th } # VLDB,
  month        = aug,
  year         = 2002,
  address      = {Hong Kong, China},
}

@Proceedings{VLDB04,
  title        = POT # { 30th } # VLDB,
  booktitle    = POT # { 30th } # VLDB,
  month        = aug # {--} # sep,
  year         = 2004,
  address      = {Toronto, Canada},
}

@Proceedings{VLDB05,
  title        = POT # { 31st } # VLDB,
  booktitle    = POT # { 31st } # VLDB,
  month        = aug # {--} # sep,
  year         = 2005,
  address      = {Trondheim, Norway},
}

@Proceedings{VLDB06,
  title        = POT # { 32nd } # VLDB,
  booktitle    = POT # { 32nd } # VLDB,
  month        = sep,
  year         = 2006,
  address      = {Seoul, Korea},
}

@Proceedings{VLDB07,
  title        = POT # { 33rd } # VLDB,
  booktitle    = POT # { 33rd } # VLDB,
  month        = sep,
  year         = 2007,
  address      = {Vienna, Austria},
}

@Proceedings{VLDB10,
  title        = POT # { 36th } # VLDB,
  booktitle    = POT # { 36th } # VLDB,
  month        = sep,
  year         = 2010,
  address      = {Singapore},
}

@Proceedings{VLDB13,
  title        = POT # { 39th } # VLDB,
  booktitle    = POT # { 39th } # VLDB,
  month        = aug,
  year         = 2013,
  address      = {Riva del Garda, Italy},
}

%% ----------------------------------------------------------------------
%% SIGMOD
%% ----------------------------------------------------------------------
@Proceedings{SIGMOD02,
  title        = POT # { 2002 } # SIGMOD,
  booktitle    = POT # { 2002 } # SIGMOD,
  month        = jun,
  year         = 2002,
  address      = {Madison, WI},
}

@Proceedings{SIGMOD04,
  title        = POT # { 2004 } # SIGMOD,
  booktitle    = POT # { 2004 } # SIGMOD,
  month        = jun,
  year         = 2004,
  address      = {Paris, France},
}

@Proceedings{SIGMOD08,
  title        = POT # { 2008 } # SIGMOD,
  booktitle    = POT # { 2008 } # SIGMOD,
  month        = jun,
  year         = 2008,
  address      = {Vancouver, Canada},
}

@Proceedings{SIGMOD09,
  title        = POT # { 2009 } # SIGMOD,
  booktitle    = POT # { 2009 } # SIGMOD,
  month        = jun # {--} # jul,
  year         = 2009,
  address      = {Providence, RI},
}

@Proceedings{SIGMOD11,
  title        = POT # { 2011 } # SIGMOD,
  booktitle    = POT # { 2011 } # SIGMOD,
  month        = jun,
  year         = 2011,
  address      = {Athens, Greece},
}


%% ----------------------------------------------------------------------
%% APSYS
%% ----------------------------------------------------------------------
@Proceedings{APSYS11,
  title        = POT # { 2nd } # APSYS,
  booktitle    = POT # { 2nd } # APSYS,
  month        = jul,
  year         = 2011,
  address      = {Shanghai, China},
}

@Proceedings{APSYS12,
  title        = POT # { 3rd } # APSYS,
  booktitle    = POT # { 3rd } # APSYS,
  month        = jul,
  year         = 2012,
  address      = {Seoul, South Korea},
}

@Proceedings{APSYS13,
  title        = POT # { 4th } # APSYS,
  booktitle    = POT # { 4th } # APSYS,
  month        = jul,
  year         = 2013,
  address      = {Singapore},
}

%% ----------------------------------------------------------------------
%% EUROCRYPT
%% ----------------------------------------------------------------------
@Proceedings{EUROCRYPT99,
  title        = POT # { 18th } # EUROCRYPT,
  booktitle    = POT # { 18th } # EUROCRYPT,
  month        = may,
  year         = 1999,
  address      = {Prague, Czech Republic},
}

@Proceedings{EUROCRYPT09,
  title        = POT # { 28th } # EUROCRYPT,
  booktitle    = POT # { 28th } # EUROCRYPT,
  month        = apr,
  year         = 2009,
  address      = {Cologne, Germany},
}

%% ----------------------------------------------------------------------
%% NDSS
%% ----------------------------------------------------------------------
@Proceedings{NDSS04,
  title        = POT # { 11th } # NDSS,
  booktitle    = POT # { 11th } # NDSS,
  month        = feb,
  year         = 2004,
  address      = {San Diego, CA},
}

@Proceedings{NDSS07,
  title        = POT # { 14th } # NDSS,
  booktitle    = POT # { 14th } # NDSS,
  month        = feb # {--} # mar,
  year         = 2007,
  address      = {San Diego, CA},
}

@Proceedings{NDSS09,
  title        = POT # { 16th } # NDSS,
  booktitle    = POT # { 16th } # NDSS,
  month        = feb,
  year         = 2009,
  address      = {San Diego, CA},
}

@Proceedings{NDSS15,
  title        = POT # { 2015 } # NDSS,
  booktitle    = POT # { 2015 } # NDSS,
  month        = feb,
  year         = 2015,
  address      = {San Diego, CA},
}

%% ----------------------------------------------------------------------
%% SIGCOMM
%% ----------------------------------------------------------------------
@Proceedings{SIGCOMM04,
  title        = POT # { 15th } # SIGCOMM,
  booktitle    = POT # { 15th } # SIGCOMM,
  month        = aug # {--} # sep,
  year         = 2004,
  address      = {Portland, OR},
}

@Proceedings{SIGCOMM06,
  title        = POT # { 17th } # SIGCOMM,
  booktitle    = POT # { 17th } # SIGCOMM,
  month        = aug,
  year         = 2006,
  address      = {Stanford, CA},
}

@Proceedings{SIGCOMM09,
  title        = POT # { 20th } # SIGCOMM,
  booktitle    = POT # { 20th } # SIGCOMM,
  month        = aug,
  year         = 2009,
  address      = {Barcelona, SPAIN},
}

%% ----------------------------------------------------------------------
%% POPL
%% ----------------------------------------------------------------------
@Proceedings{POPL90,
  title        = POT # { 17th } # POPL,
  booktitle    = POT # { 17th } # POPL,
  month        = jan,
  year         = 1990,
  address      = {San Francisco, CA},
}

@Proceedings{POPL08,
  title        = POT # { 35th } # POPL,
  booktitle    = POT # { 35th } # POPL,
  month        = jan,
  year         = 2008,
  address      = {San Francisco, CA},
}

@Proceedings{POPL11,
  title        = POT # { 38th } # POPL,
  booktitle    = POT # { 38th } # POPL,
  month        = jan,
  year         = 2011,
  address      = {Austin, TX},
}

@Proceedings{POPL12,
  title        = POT # { 39th } # POPL,
  booktitle    = POT # { 39th } # POPL,
  month        = jan,
  year         = 2012,
  address      = {Philadelphia, PA},
}

%% ----------------------------------------------------------------------
%% etc
%% ----------------------------------------------------------------------
@Proceedings{TACAS98,
  title        = POT # { 4th } # TACAS,
  booktitle    = POT # { 4th } # TACAS,
  month        = mar # {--} # apr,
  year         = 1998,
  address      = {Lisbon, Portugal},
}

@Proceedings{TACAS08,
  title        = POT # { 14th } # TACAS,
  booktitle    = POT # { 14th } # TACAS,
  month        = mar # {--} # apr,
  year         = 2008,
  address      = {Budapest, Hungary},
}

@Proceedings{TACAS09,
  title        = POT # { 15th } # TACAS,
  booktitle    = POT # { 15th } # TACAS,
  month        = mar,
  year         = 2009,
  address      = {York, UK},
}


@Proceedings{CC01,
  title        = POT # { 10th } # CC,
  booktitle    = POT # { 10th } # CC,
  month        = apr,
  year         = 2001,
  address      = {Genova, Italy},
}


@Proceedings{CGO04,
  title        = POT # { 2004 } # CGO,
  booktitle    = POT # { 2004 } # CGO,
  month        = mar,
  year         = 2004,
  address      = {Palo Alto, CA},
}


@Proceedings{ESORICS04,
  title        = POT # { 9th } # ESORICS,
  booktitle    = POT # { 9th } # ESORICS,
  month        = sep,
  year         = 2004,
  address      = {Sophia Antipolis, France},
}

@Proceedings{ESORICS10,
  title        = POT # { 15th } # ESORICS,
  booktitle    = POT # { 15th } # ESORICS,
  month        = sep,
  year         = 2010,
  address      = {Athens, Greece},
}


@Proceedings{OOPSLA04,
  title        = POT # { 15th } # OOPSLA,
  booktitle    = POT # { 15th } # OOPSLA,
  month        = oct,
  year         = 2004,
  address      = {Vancouver, Canada},
}

@Proceedings{PODC94,
  title        = POT # { 13th } # PODC,
  booktitle    = POT # { 13th } # PODC,
  month        = aug,
  year         = 1994,
  address      = {Los Angeles, CA},
}

@Proceedings{PODC07,
  title        = POT # { 26th } # PODC,
  booktitle    = POT # { 26th } # PODC,
  month        = aug,
  year         = 2007,
  address      = {Portland, OR},
}


@Proceedings{PPOPP08,
  title        = POT # { 13th } # PPOPP,
  booktitle    = POT # { 13th } # PPOPP,
  month        = feb,
  year         = 2008,
  address      = {Salt Lake City, UT},
}

@Proceedings{PPOPP12,
  title        = POT # { 17th } # PPOPP,
  booktitle    = POT # { 17th } # PPOPP,
  month        = feb,
  year         = 2012,
  address      = {New Orleans, LA},
}


@Proceedings{SOCC11,
  title        = POT # { 2nd } # SOCC,
  booktitle    = POT # { 2nd } # SOCC,
  month        = oct,
  year         = 2011,
  address      = {Cascais, Portugal},
}

%% ----------------------------------------------------------------------
%% ICNP
%% ----------------------------------------------------------------------
@Proceedings{ICNP13,
  title        = POT # { 21st } # ICNP,
  booktitle    = POT # { 21st } # ICNP,
  month        = oct,
  year         = 2013,
  address      = {Gottingen, Germany},
}
