#Related work:

@misc{pewFacebook,
    author = {Aaran Smith},
	title = {6 new facts about Facebook},
	note = {\url{http://www.pewresearch.org/fact-tank/2014/02/03/6-new-facts-about-facebook}},
	year = {2014},
	month = oct,
}

@misc{peerjs,
	title = {Peerjs},
	note = {\url{http://peerjs.com}},
	year = {2014},
	month = oct,
}


@misc{keybase,
	title = {Keybase.io},
	note = {\url{https://keybase.io}},
	year = {2014},
	month = oct,
}


@misc{mitKeyServer,
	title = {MIT PGP Public Key Server},
	note = {\url{https://pgp.mit.edu}},
	year = {2014},
	month = oct,
}

@misc{pushApi,
	title = {Push API},
	note = {\url{http://www.w3.org/TR/push-api}},
	year = {2014},
	month = oct,
}

http://www.w3.org/TR/IndexedDB/
@misc{indexedDB,
	title = {Indexed Database API},
	note = {\url{http://www.w3.org/TR/IndexedDB}},
	year = {2015},
	month = jan,
}

@inproceedings{freenetTimingAttack,
    author = {Council Canada and Ronggong Song and Larry Korba},
    title = {Review of Network-based Approaches for Privacy},
    booktitle = {In Proceedings of the 14th Annual Canadian Information Technology Security Symposium},
    year = {2002},
    pages = {13--17}
}

@article{mixnet,
 author = {Chaum, David L.},
 title = {Untraceable Electronic Mail, Return Addresses, and Digital Pseudonyms},
 journal = {Commun. ACM},
 month = feb,
 year = {1981},
 publisher = {ACM},
 address = {New York, NY, USA},
}

@inproceedings{webmixes,
  title={Web {MIX}es: A system for anonymous and unobservable Internet access},
  author={Berthold, Oliver and Federrath, Hannes and K{\"o}psell, Stefan},
  booktitle={Designing Privacy Enhancing Technologies},
  pages={115--129},
  year={2001},
  organization={Springer}
}


@inproceedings{mimesis,
	Author = {Billy Lauand and PakHo Chung and Chengyu Song and Yeongjin Jang and Wenke Lee and Alexandra Boldyreva},
	Crossref = {SEC14},
	Title = {{Mimesis Aegis}: A Mimicry Privacy Shield}
}

@misc{facebookLeak,
 note   = {\URL{http://www.reuters.com/article/2013/06/21/net-us-facebook-security-idUSBRE95K18Y20130621}},
 title  = {Facebook admits year-long data breach exposed 6 million users},
 year   = {2013},
 type   = {Reports},
 month  = {June},
 author = {Gerry Shin},
}

@misc{facebookAds,
 note   = {\URL{http://www.wsj.com/articles/facebook-to-give-advertisers-data-about-users-web-browsing-1402561120}},
 title  = {Facebook to Target Ads Based on Web Browsing},
 year   = {2014},
 type   = {Reports},
 month  = {June},
 author = {Reed Albergotti},
}

@inproceedings{relwk:jonny,
 author = {Whitten, Alma and Tygar, J Doug},
 title = {Why Johnny Can't Encrypt: A Usability Evaluation of PGP 5.0.},
 booktitle = {Proceedings of the Second ACM EuroSys Workshop on Social Network Systems},
 crossref = {SEC99},
}

@misc{facebookCensor,
	title = {Facebook censorship: Arbitrary and capricious},
	note = {\url{https://www.economist.com/blogs/democracyinamerica/2014/08/facebook-censorship}},
	year = {2014},
	month = aug,
}

@misc{relwk:diaspora,
	title = {Diaspora\*},
	note = {\url{https://diasporafoundation.org/}},
	year = {2011},
	month = sep,
}

@misc{relwk:setupPod,
	title = {The journey to Diaspora: setting up your own pod},
	note = {\url{http://ludovic.chabant.com/devblog/2012/09/01/setting-up-your-own-diaspora-pod}},
	year = {2012},
	month = sep,
}

@misc{relwk:gnutella,
	title = {Gnutella},
	note = {\url{http://rfc-gnutella.sourceforge.net/}},
	year = {2000},
	month = sep,
}


@inproceedings{relwk:peerson,
 author = {Buchegger, Sonja and Schi\"{o}berg, Doris and Vu, Le-Hung and Datta, Anwitaman},
 title = {PeerSoN: P2P Social Networking: Early Experiences and Insights},
 booktitle = {Proceedings of the Second ACM EuroSys Workshop on Social Network Systems},
 series = {SNS '09},
 year = {2009},
 address = {New York, NY, USA},
}

@inproceedings{relwk:safebook,
 author = {Leucio Antonio Cutillo and Refik Molva and Thorsten Strufe},
 title = {Safebook: Feasibility of transitive cooperation for privacy on a decentralized social network},
 booktitle = {IEEE International Symposium on World of Wireless, Mobile and Multimedia Networks and Workshops},
 series = {WoWMoM '09},
 year = {2009},
 address = {Kos, Greece},
}

@inproceedings{relwk:p2ppassword,
  title={Passwords in peer-to-peer},
  author={Kreitz, Gunnar and Bodriagov, Oleksandr and Greschbach, Benjamin and Rodr{\'\i}guez-Cano, Guillermo and Buchegger, Sonja},
  booktitle={Peer-to-Peer Computing (P2P), 2012 IEEE 12th International Conference on},
  year={2012},
  organization={IEEE}
}

@inproceedings{Stoica:2001:CSP:383059.383071,
 author = {Stoica, Ion and Morris, Robert and Karger, David and Kaashoek, M. Frans and Balakrishnan, Hari},
 title = {Chord: A Scalable Peer-to-peer Lookup Service for Internet Applications},
 booktitle = {Proceedings of the 2001 Conference on Applications, Technologies, Architectures, and Protocols for Computer Communications},
 series = {SIGCOMM '01},
 year = {2001},
 isbn = {1-58113-411-8},
 location = {San Diego, California, USA},
 pages = {149--160},
 numpages = {12},
 url = {http://doi.acm.org/10.1145/383059.383071},
 doi = {10.1145/383059.383071},
 acmid = {383071},
 publisher = {ACM},
 address = {New York, NY, USA},
}

#Facebook info:
@misc{facebook:online,
	title = {Facebook ad revenue: more money for less time},
    author= {Cynthia Boris},
	note = {\url{http://http://www.marketingpilgrim.com/2014/09/facebook-ad-revenue-more-money-for-less-time.html}},
	year = {2014},
	month = sep,
}

@misc{facebook:numFriends,
	title = {Data Science of the Facebook World},
    author= {Stephen Wolfram},
	note = {\url{http://blog.stephenwolfram.com/2013/04/data-science-of-the-facebook-world/}},
	year = {2013},
	month = apr,
}


#Crypto refs:
@article{crypto:pgp,
	author = {Phillip Zimmermann},
	title = {The official {PGP} user's guide},
	journal = {MIT press},
	year = {1995},
}

@article{crypto:gpg,
  title={GNU Scientific Library Reference Manual-(v1. 12)},
  author={Galassi, M and Davies, J and Theiler, J and Gough, B and Jungman, G and Alken, P and Booth, M and Rossi, F},
  journal={Network Theory Ltd},
  year={2009}
}

@article{crypto:dnschain,
  title={DNSChain+ okTurtles},
  author={Slepak, Greg}
}


#WebRTC:
@article{webrtc:realtime,
  title={Webrtc 1.0: Real-time communication between browsers},
  author={Bergkvist, Adam and Burnett, Daniel C and Jennings, Cullen and Narayanan, Anant},
  journal={Working draft, W3C},
  volume={91},
  year={2012}
}

@inproceedings{webrtc:leveraging,
	author = {Christian Vogt, Max Jonas Werner and Thomas C. Schmidt},
	title = {Leveraging {WebRTC} for {P2P} Content Distribution in Web Browsers},
	crossref = {ICNP13},
}

@inproceedings{relwk:persona,
	author = {Baden, Randy and Bender, Adam and Spring, Neil and Bhattacharjee, Bobby and Starin, Daniel},
	title = {Persona: An Online Social Network with User-defined Privacy},
	crossref = {SIGCOMM09},
}

@inproceedings{guha2008noyb,
  title={NOYB: Privacy in online social networks},
  author={Guha, Saikat and Tang, Kevin and Francis, Paul},
  booktitle={Proceedings of the first workshop on Online social networks},
  pages={49--54},
  year={2008},
  organization={ACM}
}

@misc{webrtc:infuxis,
	title = {Influxis: {XirSys}},
	note = {\url{http://xirsys.com}},
	year = {2013},
	month = dec,
}

@misc{webrtc:tenhands,
	title = {TenHands: {TenHands}},
	note = {\url{http://www.tenhands.com}},
	year = {2013},
	month = dec,
}

@misc{webrtc:TokBox,
	title = {TokBox Inc.: TokBox},
	note = {\url{http://www.TokBox.com}},
	year = {2013},
	month = dec,
}

@misc{webrtc:peerCDN,
	title = {Yahoo! Inc.: {PeerCDN}},
	note = {\url{http://www.peercdn.com}},
	year = {2013},
	month = dec,
}

@misc{webrtc:Zingaya,
	title = {Zingaya Inc.: Zingaya},
	note = {\url{http://www.zingaya.com}},
	year = {2013},
	month = dec,
}

@misc{webrtc:firepadvchat,
    author = {Song Zheng},
	title = {Live video chat integration with FirePad.io},
	note = {\url{http://songz.github.io/firepadvchat/}},
	year = {2013},
	month = dec,
}

@misc{webrtc:serverlessWebrtc,
	title = {Serverless {WebRTC}},
	note = {\url{https://github.com/cjb/serverless-webrtc}},
	year = {2014},
	month = jun,
}

@misc{webrtc:browserMktShr,
	title = {2014 Browser Market Share},
	note = {\url{http://www.w3counter.com/globalstats.php?year=2014&month=12}},
	year = {2014},
	month = dec,
}


#misc
@misc{policy:sameOrigin,
	title = {Same Origin Policy},
	note = {\url{https://www.w3.org/Security/wiki/index.php?title=Same_Origin_Policy&oldid=265}},
	year = {2010},
	month = jan,
}

@inproceedings{design:tor,
	author = {Dingledine, Roger and Mathewson, Nick and Syverson, Paul},
	title = {Tor: The second-generation onion router},
	crossref = {SEC04},
}

@misc{twitter,
title = {Twitter},
note  = {\URL{https://twitter.com}},
year  = {2015},
key   = {twitter},
}

@misc{pastebin,
title = {Pastebin},
note  = {\URL{https://pastebin.com}},
year  = {2015},
key   = {pastebin},
}

@techreport{Herbivore,
	title={Herbivore: A scalable and efficient protocol for anonymous communication},
	author={Goel, Sharad and Robson, Mark and Polte, Milo and Sirer, Emin},
	year={2003},
	institution={Cornell University}
}

@misc{Freenet,
title = {The Freenet Project},
note  = {\URL{https://freenetproject.org/}},
year  = {2015},
key   = {FreeNet},
}

@misc{FireChat,
title = {Open Garden firechat},
note  = {\URL{https://opengarden.com/firechat}},
year  = {2015},
key   = {FireChat},
}

@inproceedings{kaleidoscope,
	title={{Pass it on: Social networks stymie censors}},
	author={Sovran, Yair and Libonati, Alana and Li, Jinyang},
	booktitle={Proceedings of the 7th international conference on peer-to-peer systems (IPTPS)},
    number=6,
	year={2008},
}

@techreport{kaleidoscope2,
 title       = {{Unblocking the Internet: Social networks foil censors}},
 author      = {Yair Sovran and Jinyang Li and Lakshminarayanan Submaranian},
 institution = {NYU Computer Science},
 note        = {TR2008-918},
 month       = sep,
 year        = {2009},
}

@inproceedings{flashproxy,
	title={Evading censorship with browser-based proxies},
	author={Fifield, David and Hardison, Nate and Ellithorpe, Jonathan and Stark, Emily and Boneh, Dan and Dingledine, Roger and Porras, Phil},
	booktitle={Privacy Enhancing Technologies},
	pages={239--258},
	year={2012},
	organization={Springer}
}

@misc{uProxy,
title = {uProxy},
note  = {\URL{https://www.uproxy.org/}},
year  = {2015},
key   = {uProxy},
}

##################End of Deface######################

@inproceedings{mccanne:bpf,
	author = {Steven McCanne and Van Jacobson},
	title = {The {BSD} Packet Filter:
		 A New Architecture for User-level Packet Capture},
	crossref = {USENIX93W},
}

@inproceedings{engler:dpf,
	title = {{DPF}: Fast, flexible message demultiplexing using dynamic code
generation},
	author = {Dawson R. Engler and M. Frans Kaashoek},
	crossref = {SIGCOMM96},
	pages = {53--59},
}

@inproceedings{engler:vcode,
	title = {\textsc{VCODE}: A retargetable, extensible, very fast dynamic code generation system},
	author = {Dawson R. Engler},
	crossref = {PLDI96},
	pages = {160--170},
}

@article{reis:chrome,
	title = {Browser Security: Lessons from {Google} {Chrome}},
	author = {Charles Reis and Adam Barth and Carlos Pizano},
	pages = {45--49},
	volume = {52},
	number = {8},
	journal = {Communications of the ACM},
	year = {2009},
	month = jun,
}

@article{godefroid:sage,
	author = {Patrice Godefroid and Michael Y. Levin and David Molnar},
	title = {{SAGE}: Whitebox Fuzzing for Security Testing},
	year = {2012},
	month = jan,
	journal = {Communications of the ACM},
	volume = {55},
	number = {3},
	pages= {41--44},
}

@misc{inetdiag:ss,
	author = {Alexey Kuznetosv},
	title = {{SS} Utility: Quick Intro},
	note = {\url{http://www.cyberciti.biz/files/ss.html}},
	year = {2001},
	month = sep,
}

@misc{seccomp-bpf,
	author = {Will Drewry},
	title = {{SEC}ure {COMP}uting with filters},
	note = {\url{http://lwn.net/Articles/498231/}},
	year = {2012},
	month = jan,
}

@misc{corbet:bpf,
	author = {Jonathan Corbet},
	title = {A {JIT} for packet filters},
	note = {\url{http://lwn.net/Articles/437981/}},
	year = {2011},
	month = apr,
}

@misc{clamav:sdiv,
	note = {\url{http://bugzilla.clamav.net/show_bug.cgi?id=6482}},
	title = {Bug 6482 - incorrect sdiv check in \cc{bytecode_vm.c}},
	year = {2013},
	key = {ClamAV},
}

@misc{dbsd:div,
	note = {\url{http://bugs.dragonflybsd.org/issues/1748}},
	title = {DragonFlyBSD Bug 1748},
	year = {2010},
	key = {DragonFlyBSD},
}

@misc{aml:spec,
	note = {\url{http://www.acpi.info/DOWNLOADS/ACPIspec50.pdf}},
	title = {Advanced Configuration and Power Interface Specification},
	year = {2011},
	month = dec,
	author = {{Hewlett}-{Packard} and {Intel} and {Microsoft} and {Phoenix} and {Toshiba}},
}

@misc{bitcoin:script,
    note = {\url{https://en.bitcoin.it/wiki/Script}},
    title = {Script - {Bitcoin}},
    year = {2013},
    key = {Bitcoin},
}

@misc{bitcoin-paper,
	author = {Satoshi Nakamoto},
    note = {\url{http://bitcoin.org/bitcoin.pdf}},
    title = {Bitcoin: A Peer-to-Peer Electronic Cash System},
    year = {2008},
}

@misc{clamav:llvm,
	note = {\url{http://blog.clamav.net/2011/11/bytecode-signatures-for-polymorphic.html}},
	title = {Bytecode signatures for polymorphic malware},
	year = {2010},
	month = nov,
	author = {Alberto Wu},
}

@misc{truetype:inst,
    note = {\url{https://developer.apple.com/fonts/TTRefMan/RM05/Chap5.html}},
    title = {The Instruction Set},
    year = "2011",
    key = {TrueType},
}

@misc{truetype:intro,
    note = {\url{http://www.truetype-typography.com/tthints.htm}},
    title = {{TrueType} Hinting},
    year = "2012",
    key = {TrueType},
}

@techreport{udvm:rfc,
	note = {\url{http://www.ietf.org/rfc/rfc3320.txt}},
	title = {Signaling Compression ({SigComp})},
	year = {2003},
	number = {3320},
	type = {RFC},
	month = jan,
	author = {R. Price and C. Bormann and J. Christoffersson and H. Hannu and Z. Liu and J. Rosenberg},
}

@misc{rar:vm,
    note = {\url{http://blog.cmpxchg8b.com/2012/09/fun-with-constrained-programming.html}},
    title = {Fun with Constrained Programming},
    author = {Tavis Ormandy},
    year = {2012},
    key = {RarVM},
}

@misc{sigwald:jailbreakme,
	note = {\url{http://esec-lab.sogeti.com/post/Analysis-of-the-jailbreakme-v3-font-exploit}},
	title = {Analysis of the jailbreakme v3 font exploit},
	year = {2011},
	month = jul,
	author = {Jean Sigwald},
}

@techreport{pickle:vm,
	note = {\url{http://www.python.org/dev/peps/pep-3154}},
	title = {{Pickle} protocol version~4},
	type = {PEP},
	number = {3154},
	author = {Antoine Pitrou},
	year = {2011},
	month = dec,
}

@misc{pickle:wp,
    note = {\url{https://media.blackhat.com/bh-us-11/Slaviero/BH_US_11_Slaviero_Sour_Pickles_WP.pdf}},
    title = {Sour Pickles: Shellcoding in {Python}'s serialisation format},
    author = {Marco Slaviero},
    year = {2011},
}

@misc{mcaalister:jit,
	title = {Attacking hardened {Linux} systems with kernel {JIT} spraying},
	year = {2012},
	month = nov,
	note = {\url{http://mainisusuallyafunction.blogspot.com/2012/11/attacking-hardened-linux-systems-with.html}},
	author = {Keegan McAllister},
}

@misc{type2:spec,
    note = {\url{http://partners.adobe.com/public/developer/en/font/5177.Type2.pdf}},
    title = {The Type 2 Charstring Format},
    year = {2000},
    month = mar,
    author = {Adobe Systems Incorporated},
}

@inproceedings{cox:xoc,
	title = {{Xoc}, an Extension-Oriented Compiler for Systems Programming},
	author = {Russ Cox and Tom Bergan and Austin T. Clements and M. Frans Kaashoek and Eddie Kohler},
	crossref = {ASPLOS08},
	pages = {244--254},
}

@misc{url:nginx,
		note = {\url{http://nginx.org/}},
		title = {{nginx news}},
		year = {2015},
		month = feb,
		author = {NGiNX},
}

@misc{url:hhvm,
		note = {\url{http://hhvm.com/}},
		title = {{HHVM}},
		year = {2015},
		month = feb,
		author = {Facebook},
}

@misc{url:redis,
		note = {\url{http://redis.io/}},
		title = {{Redis}},
		year = {2015},
		month = feb,
		author = {Citrusbyte},
}

@misc{url:google-js-cdn,
		note = {\url{https://developers.google.com/speed/libraries/}},
		title = {Hosted Libraries - Make the Web Faster — Google Developers},
		year = {2015},
		month = feb,
		author = {Google Developers},
}

@misc{url:ms-js-cdn,
		note = {\url{http://www.asp.net/ajax/cdn}},
		title = {Microsoft Ajax Content Delivery Network},
		year = {2015},
		month = feb,
		author = {Microsoft},
}


@misc{url:cdnjs,
		note = {\url{https://cdnjs.com/}},
		title = {cdnjs.com - the missing cdn for javascript and css},
		year = {2015},
		month = feb,
		author = {CDNJS},
}

@misc{url:jsdelivr,
		note = {\url{http://www.jsdelivr.com/}},
		title = {{jsDelivr}},
		year = {2015},
		month = feb,
		author = {{jsDelivr}},
}


@misc{url:moz-sign-js,
		note = {\url{http://www-archive.mozilla.org/projects/security/components/signed-scripts.html}},
		title = {Signed Scripts in Mozilla},
		year = {2015},
		month = feb,
		author = {Jesse Ruderman},
}

@inproceedings{Karger-Consistent-Hashing,
author = {Karger, David and Sherman, Alex and Berkheimer, Andy and Bogstad, Bill and Dhanidina, Rizwan and Iwamoto, Ken and Kim, Brian and Matkins, Luke and Yerushalmi, Yoav},
title = {Web Caching with Consistent Hashing},
booktitle = {Proceedings of the Eighth International Conference on World Wide Web},
series = {WWW '99},
year = {1999},
location = {Toronto, Canada},
pages = {1203--1213},
numpages = {11},
url = {http://dl.acm.org/citation.cfm?id=313234.313019},
acmid = {313019},
publisher = {Elsevier North-Holland, Inc.},
address = {New York, NY, USA},
keywords = {caching, hashing, load balancing},
}

@misc{url:diaspora-encryption,
		note = {\url{https://www.loomio.org/d/KQfdUlox/encryption-in-diaspora}},
		title = {Encryption in Diaspora},
		year = {2015},
		month = feb,
		author = {{goob}},
}


@misc{url:websocket,
		note = {\url{https://tools.ietf.org/html/rfc6455}},
		title = {The WebSocket Protocol},
		year = {2011},
		month = dec,
		author = {RFC 6455},
}

@misc{url:peercdn,
    note = {\url{https://peercdn.com/}},
    title = {{PeerCDN}},
    year = {2015},
    month = feb,
    author = {{Instant IO, Inc.}},
}



@misc{url:firechat-hk,
    note = {\url{http://www.cnn.com/2014/10/16/tech/mobile/tomorrow-transformed-firechat/}},
    title = {FireChat in Hong Kong: How an app tapped its way into the protests},
    year = {2015},
    month = feb,
    author = {Peter Shadbolt},
}

@misc{url:webrtc-chord,
    note = {\url{https://github.com/tsujio/webrtc-chord}},
    title = {{webrtc-chord}},
    year = {2015},
    month = feb,
    author = {{tsujio@github}},
}

@article{chaum1988dining,
  title={The dining cryptographers problem: Unconditional sender and recipient untraceability},
  author={Chaum, David},
  journal={Journal of cryptology},
  volume={1},
  number={1},
  pages={65--75},
  year={1988},
  publisher={Springer}
}
